<?xml version="1.0" encoding="UTF-8"?><collection xmlns="http://www.loc.gov/MARC21/slim"><record><leader>00382nam--2200133-i-4500</leader><controlfield tag="001">000006463</controlfield><controlfield tag="002">20161230</controlfield><controlfield tag="005">20161230201026</controlfield><controlfield tag="008">060222s1000------------r-----000-0-eng-d</controlfield><datafield ind1=" " ind2=" " tag="100"><subfield code="a">Chang Sheldon S.L</subfield></datafield><datafield ind1=" " ind2=" " tag="245"><subfield code="a">Synthesis of optimum control systems</subfield></datafield><datafield ind1=" " ind2=" " tag="260"><subfield code="a">New York,Mcgraw-hill Book Co,Inc.,1961.Xii+381 P</subfield></datafield><datafield ind1=" " ind2=" " tag="490"><subfield code="a">Mcgraw-hill Series In Control Systems Engg</subfield></datafield><datafield ind1=" " ind2=" " tag="852"><subfield code="a">19044</subfield></datafield></record></collection>